/Users/james/Dropbox/library.bib